<?xml version="1.0" encoding="UTF-8"?><record xmlns="http://www.loc.gov/MARC21/slim" xmlns:cinclude="http://apache.org/cocoon/include/1.0" xmlns:zs="http://www.loc.gov/zing/srw/">
  <leader>00638nz  a2200145n  4500</leader>
  <controlfield tag="001">n  86140712 </controlfield>
  <controlfield tag="003">DLC</controlfield>
  <controlfield tag="005">19860514090624.8</controlfield>
  <controlfield tag="008">860502n| acannaab|          |a aaa |||  </controlfield>
  <datafield tag="010" ind1=" " ind2=" ">
    <subfield code="a">n  86140712 </subfield>
  </datafield>
  <datafield tag="040" ind1=" " ind2=" ">
    <subfield code="a">DLC</subfield>
    <subfield code="c">DLC</subfield>
    <subfield code="d">DLC</subfield>
  </datafield>
  <datafield tag="100" ind1="1" ind2="0">
    <subfield code="a">Tadros, Helmi R.</subfield>
  </datafield>
  <datafield tag="400" ind1="1" ind2="0">
    <subfield code="a">Tādrus, Ḥilmī Rāghib</subfield>
  </datafield>
  <datafield tag="670" ind1=" " ind2=" ">
    <subfield code="a">His Social security and the family in Egypt, 1984:</subfield>
    <subfield code="b">t.p. (Helmi R. Tadros) p. ix, etc. (B.A., 1951 and M.A., 1961, American Univ. in Cairo; Ph.D., 1968, Univ. of Mo.; prof., Dept. of Sociology-Anthropology-Psychology, American Univ. in Cairo; Ḥilmī Rāghib Tādrus)</subfield>
  </datafield>
  <datafield tag="670" ind1=" " ind2=" ">
    <subfield code="a">LC data base, 4-24-86</subfield>
    <subfield code="b">(hdg.: Tadros, Helmi R.)</subfield>
  </datafield>
</record>